Konferenz Analysis aus York
@book{confcit,
  title={The state of the art in numerical analysis: proceedings of the Conference on the State of the Art in Numerical Analysis held at the University of York, April 12th-15th, 1976},
  author={Jacobs, David AH},
  year={1977},
  publisher={Academic Pr}
}

Cours d'analyse
@book{cauchy1682,
  title={Cauchy’s Cours d’analyse: An Annotated Translation},
  author={Bradley, R.E. and Sandifer, C.E.},
  isbn={9781441905499},
  lccn={2009932254},
  series={Sources and Studies in the History of Mathematics and Physical Sciences},
  url={https://books.google.de/books?id=M0or-HGe7D0C},
  year={2010},
  publisher={Springer New York}
}

technischer Bericht
@techreport{bitkom,
  author = {Stephan Ziegler and Anne Müller},
  title = {Eingebettete {S}ysteme -- {E}in strategisches {W}achstumsfeld für {D}eutschland: {A}nwendungsbeispiele, {Z}ahlen und {T}rends},
  institution = {Bundesverband Informationswirtschaft, Telekommunikation und neue Medien e.V. (BITKOM)},
  year = {2010},
}

 @misc{wiki:taylor,
   author = "Wikipedia",
   title = "Taylor-Formel --- {W}ikipedia{,} The Free Encyclopedia",
   year = "2016",
   url = "https://de.wikipedia.org/wiki/Taylor-Formel",
   note = "[Online; accessed 12-December-2016]"
 }

Artikel auf einer Website
@misc{codecommit,
  author = {Daniel Spiewak},
  title = {The {M}agic {B}ehind {P}arser {C}ombinators},
  year = {2009},
  howpublished = "\url{http://www.codecommit.com/blog/scala/the-magic-behind-parser-combinators}",
  note = "[Online; Zugriff am 03.03.2014]"
}

Zeitschrift
@article{barro1992convergence,
  title={Convergence},
  author={Barro, Robert J and Sala-i-Martin, Xavier},
  journal={Journal of political Economy},
  pages={223--251},
  year={1992},
  publisher={JSTOR}
}